<record xmlns="http://www.loc.gov/MARC21/slim" xmlns:xsi="http://www.w3.org/2001/XMLSchema-instance" xsi:schemaLocation="http://www.loc.gov/MARC21/slim http://www.loc.gov/standards/marcxml/schema/MARC21slim.xsd"><leader>     nam a22        4500</leader><controlfield tag="001">001684063</controlfield><controlfield tag="003">NNU</controlfield><controlfield tag="006">m        d        </controlfield><controlfield tag="007">cr cn |||m|||a</controlfield><controlfield tag="008">150313s1970    iq abc  ob    000 0barard</controlfield><datafield ind1=" " ind2=" " tag="040"><subfield code="a">NNU</subfield><subfield code="b">eng</subfield><subfield code="c">NNU</subfield></datafield><datafield ind1="0" ind2=" " tag="050"><subfield code="a">BP80.R5</subfield><subfield code="b">S24</subfield></datafield><datafield ind1=" " ind2=" " tag="066"><subfield code="c">(3</subfield></datafield><datafield ind1=" " ind2=" " tag="090"><subfield code="a">BP80.R5</subfield><subfield code="b">S24</subfield></datafield><datafield ind1="1" ind2=" " tag="100"><subfield code="6">880-01</subfield><subfield code="a">S&#257;marr&#257;&#700;&#299;, Y&#363;nus Ibr&#257;h&#299;m</subfield></datafield><datafield ind1="1" ind2="3" tag="245"><subfield code="6">880-02</subfield><subfield code="a">al-Sayyid A&#7717;mad al-Rif&#257;&#699;&#299;</subfield><subfield code="h">[electronic resource] :</subfield><subfield code="b">&#7717;ay&#257;tuhu -- &#257;th&#257;ruh /</subfield><subfield code="c">bi-qalam Y&#363;nus Ibr&#257;h&#299;m al-S&#257;marr&#257;&#700;&#299;.</subfield></datafield><datafield ind1=" " ind2=" " tag="260"><subfield code="6">880-03</subfield><subfield code="a">Baghd&#257;d :</subfield><subfield code="b">Ma&#7789;ba&#699;at al-Irsh&#257;d,</subfield><subfield code="c">1970.</subfield></datafield><datafield ind1=" " ind2=" " tag="300"><subfield code="a">online resource (105 p.) :</subfield><subfield code="b">ill., map, ports.</subfield></datafield><datafield ind1=" " ind2=" " tag="500"><subfield code="a">Part of the Arabic Collections Online (ACO) project, contributed by New York Univeristy Libraries.</subfield></datafield><datafield ind1=" " ind2=" " tag="504"><subfield code="a">Bibliography: p. 105.</subfield></datafield><datafield ind1=" " ind2=" " tag="533"><subfield code="a">Electronic reproduction.</subfield><subfield code="b">New York, N.Y. :</subfield><subfield code="c">New York University,</subfield><subfield code="d">2015.</subfield><subfield code="5">NNU</subfield></datafield><datafield ind1="1" ind2="0" tag="600"><subfield code="6">880-04</subfield><subfield code="a">Rif&#257;&#699;&#299;, A&#7717;mad ibn &#699;Al&#299;,</subfield><subfield code="d">1106?-1182</subfield></datafield><datafield ind1="2" ind2=" " tag="710"><subfield code="a">New York University.</subfield><subfield code="b">Libraries.</subfield></datafield><datafield ind1="0" ind2=" " tag="730"><subfield code="a">Arabic Collections Online.</subfield></datafield><datafield ind1="0" ind2="8" tag="776"><subfield code="i">Print version:</subfield><subfield code="a">S&#257;marr&#257;&#700;&#299;, Y&#363;nus Ibr&#257;h&#299;m 880-01</subfield><subfield code="t">al-Sayyid A&#7717;mad al-Rif&#257;&#699;&#299;</subfield><subfield code="w">(NNU)001684063</subfield><subfield code="w">(DLC)73268621 /NE</subfield></datafield><datafield ind1="4" ind2="0" tag="856"><subfield code="u">http://hdl.handle.net/2333.1/tb2rbrdx</subfield></datafield><datafield ind1="1" ind2=" " tag="880"><subfield code="6">100-01/</subfield><subfield code="a">&#1587;&#1575;&#1605;&#1585;&#1575;&#1574;&#1610;&#1548; &#1610;&#1608;&#1606;&#1587; &#1575;&#1576;&#1585;&#1575;&#1607;&#1610;&#1605;.</subfield></datafield><datafield ind1="1" ind2="2" tag="880"><subfield code="6">245-02/</subfield><subfield code="a">&#1575;&#1604;&#1587;&#1610;&#1583; &#1571;&#1581;&#1605;&#1583; &#1575;&#1604;&#1585;&#1601;&#1575;&#1593;&#1610; :</subfield><subfield code="b">&#1581;&#1610;&#1575;&#1578;&#1607;-- &#1570;&#1579;&#1575;&#1585;&#1607; /</subfield><subfield code="c">&#1576;&#1602;&#1604;&#1605; &#1610;&#1608;&#1606;&#1587; &#1575;&#1576;&#1585;&#1575;&#1607;&#1610;&#1605; &#1575;&#1604;&#1587;&#1575;&#1605;&#1585;&#1575;&#1574;&#1610;.</subfield></datafield><datafield ind1=" " ind2=" " tag="880"><subfield code="6">260-03/</subfield><subfield code="a">&#1576;&#1594;&#1583;&#1575;&#1583; :</subfield><subfield code="b">&#1605;&#1591;&#1576;&#1593;&#1577; &#1575;&#1604;&#1573;&#1585;&#1588;&#1575;&#1583;&#1548;</subfield><subfield code="c">1970.</subfield></datafield><datafield ind1="1" ind2="0" tag="880"><subfield code="6">600-04/</subfield><subfield code="a">&#1585;&#1601;&#1575;&#1593;&#1610;&#1548; &#1571;&#1581;&#1605;&#1583; &#1576;&#1606; &#1593;&#1604;&#1610;.</subfield></datafield><datafield ind1=" " ind2=" " tag="959"><subfield code="a">NNU</subfield><subfield code="b">WEB</subfield><subfield code="c">GENI</subfield><subfield code="t">0</subfield><subfield code="m">Electronic access</subfield><subfield code="s">01</subfield></datafield><datafield ind1=" " ind2=" " tag="999"><subfield code="i">NNU_001684063</subfield><subfield code="s">nyu_aco000638</subfield></datafield></record>